@unpublished{GLE,
author = {Anquetil, Nicolas and Etien, Anne and Falleri, Jean-R{\'{e}}my and Urtado, Christelle},
pages = {1--4},
title = {{Vers plus de fiabilit{\'{e}} sur les r{\'{e}}sultats de recherche en g{\'{e}}nie logiciel}}
}
@unpublished{vert,
author = {Goa{\"{e}}r, Olivier Le and Noureddine, Adel and Barbier, Franck and Rouvoy, Romain and Maraninchi, Florence},
pages = {1--5},
title = {{Vers des Logiciels Éco-responsables, Le génie logiciel au défi de la sobriété écologique}}
}
@unpublished{combinatoire,
author = {Giorgetti, Alain and Magaud, Nicolas},
pages = {1--5},
title = {{Combinatoire certifiée}},
url = {https://gdrgpl.myxwiki.org/xwiki/bin/download/Main/WebHome/combinatoire{\_}certifiee.pdf?rev=1.1}
}
@unpublished{debuggers,
author = {Costiou, Steven and Dupriez, Thomas and Ducasse, St{\'{e}}phane},
pages = {1--4},
title = {{New Generation Debuggers}}
}
@article{securite,
author = {{Equipe Archware/IRISA}},
pages = {1--6},
title = {{La sécurité dans le développement logiciel}}
}
@unpublished{coevolution,
author = {Khelladi, Djamel E. and Barais, Olivier and Combemale, Beno{\^{i}}t and Acher, Mathieu and Blouin, Arnaud and Bourcier, Johann and Plouzeau, Noel and J{\'{e}}z{\'{e}}quel, Jean-Marc},
pages = {1--3},
title = {{Gestion de la co-évolution des logiciels partiellement générés pendant la phase d'évolution et de maintenance}}
}
@unpublished{compilation,
author = {Collange, Caroline and Gonnord, Laure and Henrio, Ludovic},
pages = {1--6},
title = {{Défi en compilation et langages: du parallélisme oui, mais du parallélisme efficace et sûr!}}
}
@unpublished{reconfiguration,
author = {Bliudze, Simon and Quinton, Cl{\'{e}}ment and Coullon, H{\'{e}}l{\`{e}}ne and Ledoux, Thomas and Henrio, Ludovic and Rutten, Eric and Ameur-Boulifa, Rabea and Baude, Fran{\c{c}}oise and Noureddine, Adel and Exposito, Ernesto and Aniorte, Philippe and Acher, Mathieu and Ziadi, Tewfik},
pages = {1--10},
title = {{Safe and optimal component-based dynamic reconfiguration}}
}
@unpublished{argumentation,
author = {Bruel, Jean-Michel and Delmas, R{\'{e}}mi and Laleau, R{\'{e}}gine and Polacsek, Thomas and Sedes, Florence},
pages = {1--4},
title = {{Quelle argumentation pour des systèmes de confiance ?}}
}
@article{IA,
author = {Bouziane, H.-L. and Delahaye, D. and Dony, C. and Huchard, M. and Nebut, C. and Reitz, P. and Seriai, A.-D. and Tibermacine, C. and Etien, A. and Anquetil, N. and Urtado, C. and Vauttier, S. and Falleri, J.-R. and du Bousquet, L. and Alloui, I. and Vernier, F.},
pages = {1--8},
title = {{Génie Logiciel et Intelligence Artificielle}}
}
@unpublished{Monniaux,
author = {Monniaux, David},
pages = {1--4},
title = {{Chaîne de compilation formellement certifiée}}
}
@unpublished{formelle,
author = {{Sylvain Conchon}, Aur{\'{e}}lie Hurault  and Chapoutot, Alexandre and Garoche, Pierre-Lo{\"{i}}c and Idani, Akram and Pouzet, Marc and Martel, Matthieu},
pages = {1--7},
title = {{Méthodes formelles pour la conception, la programmation et la vérification de systèmes critiques émergents}}
}
